@manual{UIMA,
	title = "Unstructured Information Management Architecture ( UIMA ) Version 1.0",
	organization = "OASIS",
	year = "2008",
	month = "5"
}

@misc{PRAW,
	title = "PRAW: The Python Reddit Api Wrapper",
	author = "Bryce Boe",
	howpublished = "\url{https://praw.readthedocs.org/en/v2.1.19/}"
}

@inproceedings{Shvachko:2010:HDF:1913798.1914427,
 author = {Shvachko, Konstantin and Kuang, Hairong and Radia, Sanjay and Chansler, Robert},
 title = {The Hadoop Distributed File System},
 booktitle = {Proceedings of the 2010 IEEE 26th Symposium on Mass Storage Systems and Technologies (MSST)},
 series = {MSST '10},
 year = {2010},
 isbn = {978-1-4244-7152-2},
 pages = {1--10},
 numpages = {10},
 url = {http://dx.doi.org/10.1109/MSST.2010.5496972},
 doi = {10.1109/MSST.2010.5496972},
 acmid = {1914427},
 publisher = {IEEE Computer Society},
 address = {Washington, DC, USA},
}

@misc{REDDIT,
	title = "reddit: the front page of the internet",
	url = "\url{http://www.reddit.com/}"
}

@book{pythonnlp,
  title={Natural Language Processing with Python},
  author={Bird, Steven and Edward Loper and Ewan Klein},
  year={2009},
  publisher={Oâ€™Reilly Media Inc}
}

@article{piglatin,
  title={Pig Latin: A Not-So-Foreign Language for Data Processing},
  author={Olston, C. and Reed, B. and Srivastava, U. and Kumar, R. and Tomkins, A.},
  journal={Proceedings of the 2008 ACM SIGMOD International Conference on Management of Data},
  year={2008},
  pages={1099-1110}
}

@article{stanfordnlp,
  title={The Stanford CoreNLP Natural Language Processing Toolkit},
  author={Manning, Christopher D. and Surdeanu, Mihai and Bauer, John and Finkel, Jenny and Bethard, Steven J. and McClosky, David},
  journal={Proceedings of 52nd Annual Meeting of the Association for Computational Linguistics: System Demonstrations},
  year={2014},
  pages={55-60}
}

@article{postag1,
  title={Enriching the Knowledge Sources Used in a Maximum Entropy Part-of-Speech Tagger},
  author={Kristina Toutanova and Christopher D. Manning},
  journal={Proceedings of the Joint SIGDAT Conference on Empirical Methods in Natural Language Processing and Very Large Corpora (EMNLP/VLC-2000)},
  year={2000},
  pages={63-70}
}

@article{postag2,
  title={Feature-Rich Part-of-Speech Tagging with a Cyclic Dependency Network},
  author={Kristina Toutanova and Dan Klein and Christopher Manning and Yoram Singer},
  journal={Proceedings of HLT-NAACL},
  year={2003},
  pages={252-259}
}

@article{infoextract,
  title={Incorporating Non-local Information into Information Extraction Systems by Gibbs Sampling},
  author={Jenny Rose Finkel and Trond Grenager and Christopher Manning},
  journal={Proceedings of the 43nd Annual Meeting of the Association for Computational Linguistics (ACL 2005)},
  year={2005},
  pages={363-370}
}

@article{matplot,
  title={Matplotlib: A 2D graphics environment},
  author={Hunter, J. D.},
  journal={Computing In Science and Engineering},
  year={2007},
  pages={90-95}
}

@book{nlp,
  title={Speech and Language Processing: An Introduction to Natural Language Processing, Speech Recognition, and Computational Linguistics},
  author={Jurafsky, Daniel and James H. Martin},
  year={2009},
  publisher={Prentice-Hall},
  edition={2nd}
}

@article{java,
  title={Java Libraries for Accessing the Princeton Wordnet: Comparison and Evaluation},
  author={Finlayson, Mark Alan},
  journal={Proceedings of the 7th Global Wordnet Conference. Tartu, Estonia},
  year={2014}
}